@book{narayanan2016bitcoin,
  author    = {Narayanan, A. and Bonneau, J. and Felten, E. and Miller, A. and Goldfeder, S.},
  title     = {Bitcoin and cryptocurrency technologies: a comprehensive introduction},
  year      = {2016},
  publisher = {Princeton University Press}
}

@article{rivest1978method,
  author    = {Rivest, R.L. and Shamir, A. and Adleman, L.},
  title     = {A method for obtaining digital signatures and public-key cryptosystems},
  journal   = {Communications of the ACM},
  volume    = {21},
  number    = {2},
  year      = {1978},
  pages     = {120-126}
}

@book{menezes2018handbook,
  author    = {Menezes, A.J. and van Oorschot, P.C. and Vanstone, S.A.},
  title     = {Handbook of applied cryptography},
  year      = {2018},
  publisher = {CRC press}
}

@article{wood2014ethereum,
  author    = {Wood, G.},
  title     = {Ethereum: A secure decentralised generalised transaction ledger},
  year      = {2014},
  url       = {https://ethereum.github.io/yellowpaper/paper.pdf}
}

@article{merkle1988digital,
  author    = {Merkle, R.C.},
  title     = {A digital signature based on a conventional encryption function},
  journal   = {Advances in cryptology—CRYPTO’87},
  year      = {1988},
  pages     = {369-378}
}

@article{miller1986use,
  author    = {Miller, V.S.},
  title     = {Use of elliptic curves in cryptography},
  journal   = {Advances in cryptology—CRYPTO’85},
  year      = {1986},
  pages     = {417-426}
}

@article{johnson2001elliptic,
  author    = {Johnson, D. and Menezes, A. and Vanstone, S.},
  title     = {The elliptic curve digital signature algorithm (ECDSA)},
  journal   = {International Journal of Information Security},
  volume    = {1},
  number    = {1},
  year      = {2001},
  pages     = {36-63}
}

@article{bernstein2012high,
  author    = {Bernstein, D.J. and Lange, T. and Niederhagen, R.},
  title     = {High-speed high-security signatures},
  journal   = {Journal of cryptographic engineering},
  volume    = {2},
  number    = {2},
  year      = {2012},
  pages     = {77-89}
}

@article{langley2016curve25519,
  author    = {Langley, A. and Hamburg, M. and Naehrig, M.},
  title     = {Curve25519: new Diffie-Hellman speed records},
  journal   = {International Association for Cryptologic Research},
  year      = {2016}
}

@article{koblitz1987elliptic,
  author    = {Koblitz, N.},
  title     = {Elliptic curve cryptosystems},
  journal   = {Mathematics of computation},
  volume    = {48},
  number    = {177},
  year      = {1987},
  pages     = {203-209}
}

@book{hankerson2006guide,
  author    = {Hankerson, D. and Menezes, A.J. and Vanstone, S.A.},
  title     = {Guide to elliptic curve cryptography},
  year      = {2006},
  publisher = {Springer Science \& Business Media}
}

@article{wu2018blockchain,
  author    = {Wu, Y. and Zheng, X. and Ren, J. and Zhang, K. and Shen, Y.},
  title     = {Blockchain-based secure key management scheme with high availability},
  journal   = {IEEE Access},
  volume    = {6},
  year      = {2018},
  pages     = {27766-27774}
}

@article{fan2018analysis,
  author    = {Fan, C.F. and Chen, Y. and Chen, R. and Zhou, H. and Chen, L.},
  title     = {Analysis of elliptic curve cryptography for blockchain},
  journal   = {Future Generation Computer Systems},
  volume    = {89},
  year      = {2018},
  pages     = {735-743}
}

@techreport{brown2010standards,
  author    = {Brown, D.R.},
  title     = {Standards for efficient cryptography (SEC) 1: Elliptic curve cryptography},
  year      = {2010},
  institution = {Certicom Research}
}


@standard{std90,
  key = {STD90},
  organization = {RFC Editor},
  title        = {Internet Standard 90},
  url          = {https://www.rfc-editor.org/info/std90},
  note         = {Comprises RFC 8259 at the time of writing},
}

@techreport{rfc8259,
  author       = {Bray, T., Ed.},
  title        = {The JavaScript Object Notation (JSON) Data Interchange Format},
  number       = {RFC 8259},
  series       = {STD},
  volume       = {90},
  publisher    = {RFC Editor},
  year         = {2017},
  month        = dec,
  doi          = {10.17487/RFC8259},
  url          = {https://www.rfc-editor.org/info/rfc8259}
}


@misc{muratov_yac_2018,
	title = {{YAC}: {BFT} {Consensus} {Algorithm} for {Blockchain}},
	shorttitle = {{YAC}},
	url = {http://arxiv.org/abs/1809.00554},
	doi = {10.48550/arXiv.1809.00554},
	abstract = {Consensus in decentralized systems that asynchronously receive events and which are subject to Byzantine faults is a common problem with many real-life applications. Advances in decentralized systems, such as distributed ledger (i.e., blockchain) technology, has only increased the importance of ﬁnding performant and secure solutions to consensus of state machine replication in decentralized systems.},
	language = {en},
	urldate = {2025-03-15},
	publisher = {arXiv},
	author = {Muratov, Fedor and Lebedev, Andrei and Iushkevich, Nikolai and Nasrulin, Bulat and Takemiya, Makoto},
	month = sep,
	year = {2018},
	note = {arXiv:1809.00554 [cs]},
	keywords = {Computer Science - Distributed, Parallel, and Cluster Computing},
	file = {PDF:/home/eduardo/Zotero/storage/IDEBL9S6/Muratov et al. - 2018 - YAC BFT Consensus Algorithm for Blockchain.pdf:application/pdf},
}


@article{kiayias2020ouroboros,
  author    = {Aggelos Kiayias and Alexander Russell and Bernardo David and Roman Oliynykov},
  title     = {Ouroboros: The Underlying Science Behind Cardano’s Proof-of-Stake Blockchain},
  journal   = {Cryptology ePrint Archive},
  year      = {2020},
  volume    = {2020},
  pages     = {352},
  url       = {https://eprint.iacr.org/2020/352.pdf}
}


@article{bayer1993improving,
  author    = {Dave Bayer and Stuart Haber and W. Scott Stornetta},
  title     = {Improving the Efficiency and Reliability of Digital Time-Stamping},
  journal   = {Sequences II: Methods in Communication, Security, and Computer Science},
  year      = {1993},
  pages     = {329-334},
  publisher = {Springer-Verlag},
  url       = {https://doi.org/10.1007/978-1-4613-9323-8_25}
}


@book{katz2020introduction,
  author    = {Jonathan Katz and Yehuda Lindell},
  title     = {Introduction to Modern Cryptography},
  year      = {2020},
  publisher = {Chapman and Hall/CRC},
  edition   = {3rd}
}

@book{roughgarden2016twentyone,
  author    = {Tim Roughgarden},
  title     = {Twenty-One Lectures on Algorithmic Game Theory},
  year      = {2016},
  publisher = {Cambridge University Press},
  url       = {https://www.cambridge.org/files/3914/7629/0049/Algorithmic_Game_Theory.pdf}
}

@book{coulouris2011distributed,
  author    = {George Coulouris and Jean Dollimore and Tim Kindberg and Jonathon Blair},
  title     = {Distributed Systems: Concepts and Design},
  year      = {2011},
  publisher = {Addison-Wesley}
}

@article{decentralizedstorage2021,
  author    = {M. Sookhak and H. Talebian and M. W. Storer},
  title     = {Decentralized Storage Systems: A Survey},
  journal   = {ACM Computing Surveys},
  year      = {2021},
  volume    = {54},
  number    = {6},
  pages     = {1--36}
}

@article{attanasi2020hybrid,
  author    = {Alessio Maria Attanasi and Maria Grazia Pazienza},
  title     = {Hybrid Blockchains: Survey and Classification},
  journal   = {Information},
  year      = {2020},
  volume    = {11},
  number    = {4},
  pages     = {222},
  doi       = {10.3390/info11040222}
}

@inproceedings{cachin2016architecture,
  author    = {Christian Cachin},
  title     = {Architecture of the Hyperledger Blockchain Fabric},
  booktitle = {Workshop on Distributed Cryptocurrencies and Consensus Ledgers (DCCL)},
  year      = {2016},
  url       = {https://eprint.iacr.org/2016/994.pdf}
}

@misc{benet2014ipfs,
  author    = {Juan Benet},
  title     = {IPFS - Content Addressed, Versioned, P2P File System},
  year      = {2014},
  howpublished = {White paper},
  url       = {https://ipfs.io/ipfs/QmR7GSQM93Cx5eAg6a6GJ1SM1rdmkr3gAqVRd748JhGTbt}
}

@article{lamport1982byzantine,
  author    = {Leslie Lamport and Robert Shostak and Marshall Pease},
  title     = {The Byzantine Generals Problem},
  journal   = {ACM Transactions on Programming Languages and Systems},
  volume    = {4},
  number    = {3},
  year      = {1982},
  pages     = {382--401},
  doi       = {10.1145/357172.357176}
}

@incollection{goos_digital_1988,
  address   = {Berlin, Heidelberg},
  title     = {A Digital Signature Based on a Conventional Encryption Function},
  volume    = {293},
  booktitle = {Advances in Cryptology — CRYPTO '87},
  publisher = {Springer Berlin Heidelberg},
  author    = {Ralph C. Merkle},
  year      = {1988},
  doi       = {10.1007/3-540-48184-2_32},
  pages     = {369--378}
}

@article{haber_how_1991,
  author    = {Stuart Haber and W. Scott Stornetta},
  title     = {How to Time-Stamp a Digital Document},
  journal   = {Journal of Cryptology},
  volume    = {3},
  number    = {2},
  year      = {1991},
  pages     = {99--111},
  doi       = {10.1007/BF00196791}
}

@inproceedings{castro1999practical,
  author    = {Miguel Castro and Barbara Liskov},
  title     = {Practical Byzantine Fault Tolerance},
  booktitle = {Proceedings of the Third Symposium on Operating Systems Design and Implementation (OSDI)},
  year      = {1999},
  pages     = {173--186}
}

@misc{nakamoto2008bitcoin,
  author    = {Satoshi Nakamoto},
  title     = {Bitcoin: A Peer-to-Peer Electronic Cash System},
  year      = {2008},
  url       = {https://bitcoin.org/bitcoin.pdf}
}

@misc{king2012ppcoin,
  author    = {Sunny King and Scott Nadal},
  title     = {PPCoin: Peer-to-Peer Crypto-Currency with Proof-of-Stake},
  year      = {2012},
  howpublished = {White paper},
  url       = {https://peercoin.net/assets/paper/peercoin-paper.pdf}
}

@article{bonneau2015sok,
  author    = {Joseph Bonneau and Andrew Miller and Jeremy Clark and Arvind Narayanan and Joshua A. Kroll and Edward W. Felten},
  title     = {SoK: Research Perspectives and Challenges for Bitcoin and Cryptocurrencies},
  journal   = {Proceedings - IEEE Symposium on Security and Privacy},
  year      = {2015},
  pages     = {104--121},
  doi       = {10.1109/SP.2015.14}
}

@book{narayanan2016bitcoin,
  author    = {Arvind Narayanan and Joseph Bonneau and Edward Felten and Andrew Miller and Steven Goldfeder},
  title     = {Bitcoin and Cryptocurrency Technologies: A Comprehensive Introduction},
  publisher = {Princeton University Press},
  year      = {2016}
}

@article{buterin2020ghost,
  author    = {Vitalik Buterin et al.},
  title     = {Combining GHOST and Casper},
  journal   = {arXiv preprint arXiv:2003.03052},
  year      = {2020}
}

@misc{benzinga2020pos,
  title     = {From Peercoin and NXT to Algorand - A History of Proof of Stake},
  howpublished = {Online article},
  journal   = {Benzinga},
  year      = {2020},
  url       = {https://www.benzinga.com/markets/cryptocurrency/20/07/16589995/from-peercoin-and-nxt-to-algorand-a-history-of-proof-of-stake}
}

@article{wilkinson2016fair,
  author    = {Mark D. Wilkinson and Michel Dumontier and IJsbrand Jan Aalbersberg and Gabrielle Appleton and Myles Axton and others},
  title     = {The FAIR Guiding Principles for Scientific Data Management and Stewardship},
  journal   = {Scientific Data},
  volume    = {3},
  pages     = {160018},
  year      = {2016},
  doi       = {10.1038/sdata.2016.18}
}
