@article{title1,
  title = {An Empirical Study of the Effects of Climate Change on Global Food Systems},
  author = {John Smith and Jane Doe},
  journal = {Journal of Sustainable Agriculture},
  year = {2022},
  volume = {43},
  pages = {123-145}
}

@inproceedings{title2,
  title = {A Deep Learning Approach to Predicting Stock Market Trends},
  author = {Bob Johnson and Alice Brown},
  booktitle = {Proceedings of the International Conference on Artificial Intelligence and Machine Learning},
  year = {2023},
  pages = {567-580}
}

@article{title3,
  title = {The Impact of Social Media on Mental Health in Young Adults},
  author = {Emily Chen and David Lee},
  journal = {Journal of Youth Studies},
  year = {2022},
  volume = {25},
  pages = {901-915}
}

@inproceedings{title4,
  title = {Designing Sustainable Cities for the Future: A Review of Current Practices},
  author = {Sarah Kim and Michael Davis},
  booktitle = {Proceedings of the International Conference on Urban Planning and Design},
  year = {2023},
  pages = {321-335}
}

@article{title5,
  title = {Understanding the Relationship Between Sleep Patterns and Cognitive Function in Older Adults},
  author = {Michael Brown and Emma Taylor},
  journal = {Journal of Gerontology: Medical Sciences},
  year = {2022},
  volume = {77},
  pages = {171-185}
}

@inproceedings{title6,
  title = {Developing a Framework for Measuring the Environmental Impact of Supply Chains},
  author = {Daniel Hall and Rachel Patel},
  booktitle = {Proceedings of the International Conference on Sustainable Business Practices},
  year = {2023},
  pages = {678-692}
}

@article{title7,
  title = {Exploring the Effects of Meditation on Anxiety in College Students},
  author = {Jessica Martin and Christopher Lee},
  journal = {Journal of College Student Mental Health},
  year = {2022},
  volume = {18},
  pages = {247-262}
}

@inproceedings{title8,
  title = {A Comparative Study of Machine Learning Algorithms for Predicting Heart Disease},
  author = {Brian Kim and Sophia Rodriguez},
  booktitle = {Proceedings of the International Conference on Artificial Intelligence in Medicine},
  year = {2023},
  pages = {123-137}
}

@article{title9,
  title = {The Impact of Microfinance Programs on Poverty Reduction in Developing Countries},
  author = {Hannah Lee and Kevin White},
  journal = {Journal of Development Economics},
  year = {2022},
  volume = {129},
  pages = {102-118}
}

